<?xml version="1.0" encoding="UTF-8"?><collection xmlns="http://www.loc.gov/MARC21/slim"><record><leader>00523nam--2200193-i-4500</leader><controlfield tag="001">000005842</controlfield><controlfield tag="002">20161230</controlfield><controlfield tag="005">20161230201026</controlfield><controlfield tag="008">060222s1000------------r-----000-0-eng-d</controlfield><datafield ind1=" " ind2=" " tag="040"><subfield code="a">IFIN-HH</subfield></datafield><datafield ind1=" " ind2=" " tag="080"><subfield code="a">536.5</subfield></datafield><datafield ind1="1" ind2=" " tag="100"><subfield code="a">Baker, H.D</subfield></datafield><datafield ind1="1" ind2="0" tag="245"><subfield code="a">Temperature measurement in engineering</subfield><subfield code="c">H.d. baker; e.a. rayer; n.n. baker</subfield></datafield><datafield ind1=" " ind2=" " tag="260"><subfield code="a">New York 179 P</subfield><subfield code="b">John Wiley And Sons, Inc</subfield></datafield><datafield ind1=" " ind2=" " tag="300"><subfield code="a">2 VOLUME</subfield></datafield><datafield ind1="1" ind2=" " tag="700"><subfield code="a">Baker, N.N</subfield></datafield><datafield ind1="1" ind2=" " tag="787"><subfield code="a">Vol. Ii</subfield><subfield code="d">1961</subfield><subfield code="h">510p</subfield></datafield><datafield ind1=" " ind2=" " tag="852"><subfield code="a">17110</subfield><subfield code="c">536</subfield></datafield><datafield ind1=" " ind2=" " tag="CAT"><subfield code="a">Sys</subfield><subfield code="c">20110503</subfield><subfield code="h">155608</subfield></datafield></record></collection>